%%%%%%%%%%%%%%%%%%%%%%%%%%%%%%
% Bibliography examples ~\cite{citeExample}

% Example book
% @book{Einstein-2008,
%   title={{Security Engineering: A guide to building dependable distributed systems}},
%   author= {{Einstein}, Albert},
%   year={2008},
%   publisher={Wiley}
% }

% [AGdE-2004]
% Arquitectura de Software, Guía de estudio. Elaborada por: Erika Camacho, Fabio Cardeso, Gabriel Nuñez, 
% Revisada Por: Prof. Maria A. Perez De Ovalles, Prof. Anna Grimán, Prof. Luis E. Mendoza. Abril – 2004.
@book{AGdE-2004,
  title={{Arquitectura de Software, Guía de estudio.} Erika Camacho, Fabio Cardeso, Gabriel Nuñez, Revisada Por: Prof. Maria A. Perez De Ovalles, Prof. Anna Grimán, Prof. Luis E. Mendoza},
  author= {{AGdE}},
  year={2004},
  publisher={Compartida}
}

% book [Albin, 2003]
% The Art of Software Architecture: Design methods and techniques. Stephen Albin. Nueva York, Wiley, 2003.
@book{Albin-2003,
  title={{The Art of Software Architecture: Design methods and techniques.} By Albin Stephen.},
  author= {{Albin}, Stephen},
  year={2003},
  publisher={Nueva York, Wiley}
}

% [Andrés Mejía D., 2007]
% Tres esferas de acción del pensamiento crítico en ingeniería. Andrés Mejía D., 
% Universidad de Los Andes, Bogotá, Colombia. Revista Iberoamericana de Educación (ISSN: 1681-5653).
@book{AndresMejiaD-2007,
  title={{Tres esferas de acción del pensamiento crítico en ingeniería.}},
  author= {{Andrés Mejía D.},},
  year={2007},
  publisher={Universidad de Los Andes, Bogotá, Colombia. Revista Iberoamericana de Educación (ISSN: 1681-5653).}
}

% [Bass Clements Kazman, 1998]
% Software Architecture in Practice. Len Bass, Paul Clements y Rick Kazman. Reading, Addison-Wesley, 1998.
@book{Bass-Clements-Kazman-1998,
  title={{Software Architecture in Practice.} By Len Bass, Paul Clements y Rick Kazman.},
  author= {{Bass Clements Kazman}},
  year={1998},
  publisher={Reading, Addison-Wesley.}
}

%%%%%%%%%%%%%%%%%%%%%%%%%%%%%%%%%%%%%%%%%%%%%%%5
%[BAWG 2008]
%Object Management Group OMG, Business Architecture Working Group "What Is Business Architecture?" at bawg.omg.org, 2008 (archive.org). Disponible en URL: www.businessarchitectureinstitute.org

%[Beck 2001] 
%Agile Manifesto, Beck, Kent, et al, disponible en URL: www.agilemanifesto.org, 2001, como estaba en Octubre de 2012.

%[Bertalanffy 1968]
%Teoría General de los Sistemas. Ludwig Von Bertalanffy. Fondo de cultura económica, México. Reimpresión Argentina, 2007 (1ra. edición en Ingles 1968). ISBN 987-950-557-096-6.

%[Billy Koen 2000]
%El método de Ingeniería, Koen V. Billy, Facultad de Ingeniería, Santiago de Cali 2000.

%[BIZBOKTM 2014]
Business Architecture Guild, A Guide to the Business Architecture Body of Knowledge™. Version 2.0 (BIZBOK® Guide), 2012. Version 4.1 (BIZBOK® Guide), 2014.

%[Boehm 1995]
%Reasoning about the Composition of Heterogeneous Architecture. Boehm, B., & Abd-Allah, A. (1995). USC Center for Software Engineering Technical Report. University of Southern California, Los Angeles. Obtenido el 15-08-2002 de:
http://sunset.usc.edu/TechRpts/Papers/Cmps_Reasoning.ps

%[Booch 2007]
%Grady Booch, IBM. The Irrelevance of Architecture, IEEE, Software, May/June 2007 (Vol. 24, No. 3), 2007.

%[Bredemeyer 2002]
%The Visual Architecting Process. White Paper. Bredemeyer, D., & Malan, R. (2002). Obtenido el 10-05-2002 de: http://www.bredemeyer.com/pdf_files/ VisualArchitectingProcess.PDF

%[Bunge 1979]
%Ontología II: Un mundo de sistemas. Tratado de filosofía. Mario Bunge. Filosofía de la ciencia. Editorial Gedisa, 1979.

%[Bunge 1979]
%Tratado de filosofía. Volumen 4. Ontología II. Un mundo de sistemas. Mario Bunge, 1979. Editorial Gedisa. 1979-1989.

%[Bunge 2003]
%Emergencia y convergencia: novedad cualitativa y unidad del conocimiento. Mario Bunge. Filosofía de la ciencia. Editorial Gedisa, 2003.

%[Burd 2011]
%Systems Architecture, Sixth Edition. Stephen D. Burd. University of New Mexico. Course Technology, Cengage Learning, 2011.

%[Buschmann 1996]
%Pattern - Oriented Software Architecture. A System of Patterns. Buschmann, F., Meunier, R., Rohnert, H., Sommerlad, P., & Stal, M.. John Wiley & Sons, Inglaterra, 1996.

%[Capretz 1996]
%Object-Oriented Software: Design. p.77. Luiz Fernando Capretz, 1996.

%[CCIT 2014] 
%Coyuntura TIC Avances y retos de la defensa digital en Colombia. Reporte TIC de CCIT elaborado por Fedesarrollo. Año 2014.

%[Claude Perrault 1673]
%Les dix livres d'Architecture de Vitruve ..., 1673.

%[Clements & Northrop, 1996]
%Software architecture: An executive overview. Paul Clements y Linda Northrop. Technical Report, CMU/SEI-96-TR-003, ESC-TR-96-003. Febrero de 1996.

%[Cohn 2004]
%User Stories Applied: For Agile Software Development. Addison Wesley. Cohn 2004.

%[Craig Larman Bas Vodde 2008]
%Scaling Lean & Agile Development: Thinking and Organizational Tools for Large-Scale Scrum. Craig Larman, Bas Vodde, 2008.

%[Dan North 2009]
%Agile specifications, BDD and Testing eXchange. Dan North, November 2009 in London.

%[Dan North 2012]
%Introducing BDD. Dan North. Retrieved 12 August 2012.

%[Donella Meadows 1982]
%Whole Earth Models and Systems. Co-Evolution Quarterly, Donella H. Meadows (1982).

%[DRAE 2014]
%El Diccionario de la lengua española de la Real Academia Española (DRAE) es la obra de referencia de la Academia. La última edición es la 23.ª, publicada en octubre de 2014. Disponible en la URL: http://www.rae.es

%[DSA 2002]
%Documenting Software Architecture. View and Beyond. Paul Clements, Felix Bachmann, Len Bass, David Garlan, James Ivers, Reed Little, Robert Nort and Judith Stafford. Addison Wesley. SEI Series in Software Enginering. 2002.

%[DSA 2003]
%Documenting Software Architecture. View and Beyond. Paul Clements, Felix Bachman, Len Bass, David Garlan, James Ivers, Reed Little, Robert Nord, Judith Stafford. SEI Series in Software Engineering. Addison-Wesley. CarnegieMellon Software Engineering Institute, 2002. Pearson Education, 2003.

%[Edwards Deming 2000]
%System of Profound Knowledge. Deming, W. Edwards, The New Economics for Industry, Government, Education, 2nd Edition, The MIT Press, 2000.

%[Esterking 2007]
%La administración de proyectos en un ámbito competitivo. José D. Esterking. Thomson, 2007.

%[Evans 2004]
%Domain-Driven Design - Tackling Complexity in the Heart of Software, Evans Eric, 2004, Addison-Wesley.

%[Ferguson 2014]
%BDD in Action: Behavior-driven development for the whole software lifecycle Paperback. John Ferguson Smart, Manning, 2014.

%[Finkelstein 1996]
%The viewpints FAQ, Software Engineering Journal. Finkelstein A., 1996.

%[Fiuba 2005]
%Sistemas, Modelos y Simulación. 75.26 – Simulación. Fiuba Facultad de Ingeniería. Universidad de Buenos Aires. Calendario 2º cuatrimestre 2005. Profesor: Ing. Horacio Rocca. Disponible en URL: http://materias.fi.uba.ar/7526/docs/teoria.pdf

%[FOLDOC 2015]
%Diccionario de computación FOLDOC. Disponible en url: http://foldoc.org

%[Francesco Milizia 1781]
%Principi di Architettura Civile, Francesco Milizia, 1781.

%[Giraldo 2006]
%Ciencia y método científico en ingeniería. Alexander Pareja Giraldo. Revista Actitud, Volumen 1-Año 2006. Institución Universitaria Antonio José Camacho. ISSN: 1909-8510.

%[Guía PMBOK 2004]
%Guía de los Fundamentos de la Dirección de Proyectos Tercera Edición (Guía del PMBOK). 2004 Project Management Institute, Four Campus Boulevard, Newtown Square, PA 19073-3299 EE.UU.

%[H. Maturana 1988]
%Ontología del Conversar. Humberto Maturana, 1988, Santiago, Chile.

%[Ian Sommerville 2006]
%Ingeniería del software, Ian Sommerville. Séptima edición, 2005 y 2006.

%[IEEE 1471-2000]
%IEEE Std 1471-2000.

%[IEEE 1993 ]
%ISO/IEC/IEEE Systems and Software Engineering Vocabulary; IEEE, 1993.

%[IEEE 610.12.1990]
%IEEE 610.12.1990.

%[IEEE]
%IEEE Architecture Working Group.

%[Joaquín Arnau 2000]
%72 voces para un diccionario de arquitectura teórica, p. 176. Joaquín Arnau, 2000.

%[Jurado 2010]
%Diseño Ágil con TDD. Carlos Blé Jurado y colaboradores. Prologo de José Manuel Beas. Primera Edición, 2010. (www.iExpertos.com)

%[Kazman 1996]
%Tool Support for Architecture Analysis and Design. Kazman, R. (1996). Department of Computer Science, University of Waterloo. Obtenido el 10-05-2002 de: ftp://ftp.sei.cmu.edu/pub/sati/Papers_and_Abstracts/ISAW-2.ps

%[Kazman 1996]
%Tool Support for Architecture Analysis and Design. Kazman, R. Department of Computer Science, University of Waterloo, 1996. Obtenido el 10-05-2002 de: ftp://ftp.sei.cmu.edu/pub/sati/Papers_and_Abstracts/ISAW-2.ps

%[Kazman 2001]
%Evaluating Software Architectures. Methods and case studies. Kazman, R., Clements, P., Klein, M.. Addison Wesley, 2001.

%[Kent Beck 2003]
%Test-Driven Development By Example. Kent Beck, Three Rivers Institute. Addison-Wesley Professional, 2003.

%[Kent Beck 2005]
%Extreme Programming Explained: Embrace Change, 2nd Edition. Kent Beck, Cynthia Andres. Addison-Wesley. Completely rewritten, 2005.

%[Kruchten 1999]
%The Rational Unified Process. Kruchten, P. (1999). Longman, Inc. Reading, MA: Addison Wesley Lane, T. (1990). Studying Soft, 1990.

%[Kurzweil 2005]
%The singularity is near. When humans transcend biology. Ray Kurzweil, Penguin Books, 2005.

%[Larman-Vodde 2008] 
%Scaling Lean & Agile Development: Thinking and Organizational Tools for Large-Scale Scrum. Craig Larman and Bas Vodde, Adisson Wesley, 2008.

%[Le Corbusier 1923]
%Vers une Architecture, Le Corbusier, 1923.

%[Malveau 1997] 
%CORBA Design Patterns. Raphael Malveau, Thomas J. Mowbray. John Wiley & Sons, 1997.

%[Malveau 2004]
%Software Architect BOOTCAMP. The completely updated “field manual” for becoming a better software architect! Raphael Malveau, Thomas J. Mowbray Ph.D. Prentice All, Second Edition, %2004 Pearson Education Inc.ISBN: 0-13-141227-2. Disponible en URL: http://users.atw.hu/softarchcamp/

%[Marco Vitruvio 25 a. de C]
%De architectura, Marco Vitruvio, 25 a. de C, 1.iii.ii.

%[Martin Alaimo 2014]
%Proyectos Ágiles con Scrum. Flexibilidad, apredizaje, innovación y colaboración en contextos complejos. Martin Alaimo, Kleer (Agile Coaching and training), 2014.

%[Martin Fowler 1999]
%Refactoring: Improving the Design of Existing Code. Martin Fowler (with Kent Beck, John Brant, William Opdyke, and Don Roberts) Addison-Wesley, 1999.

%[Martin Fowler 2002]
%Pattern of Enterprise Application Architecture. Martin Fowler, David Rice, Matthew Foemmel, Edward Hieatt, Robert Mee, Randy Stafford. Editorial Addison-Wesley, 2002.

%[Meadows 2009]
%Thinking in Systems. A Primer. Donella H. Meadows. Edited by Diana Wright, Sustainability Institute London, Sterling, VA. First published by Earthscan in the UK in 2009.

%[Montrose 1995]
%Object-Oriented Development Using The Shlaer-Mellor Method. Rodney C. Montrose. Project Technology, Inc., 1995.

%[Moore 1975]
%Progress in digital integrated electronics, Moore Gordon E., artículo en el encuentro IEEE International Electron Devices Meeting, IEDM Technical Digest, 1975.

%[Neil deGrasse Tyson 2014]
%Neil deGrasse Tyson, Cosmos: A SpaceTime Odyssey, 2014.

%[Oxford 2015]
%Oxford dictionaries, Language matters (spanish). Disponible en URL: http://www.oxforddictionaries.com/definition/spanish/arquitectura

%[Perry 1997]
%Software Architecture and its relevance for Software Engineering. Dewayne Perry. Coord’97, 1997.

%[Peter Senge 1990]
%La quinta disciplina. El arte y la práctica de la organización abierta al aprendizaje. Peter M.  Senge. Editorial Granica, 2003. Edición original en inglés, 1990.

%[PMBOK 1996]
%A Guide to the Project Management Body of Knowledge (PMBOK Guide), PMI Standards Committee, William R. Duncan, Director of Standards. URL: http://www.pmi.org/PMBOK-Guide-and-Standards.aspx

%[Poppendieck 2003]
%Lean Software Development: An Agile Toolkit, Poppendieck, Mary. Addison Wesley, 2003.

%[Pressman 2002 ]
%Ingeniería del software. Un enfoque práctico. Quinta edición. Roger S. Pressman. Mc Graw Hill. 2002.

%[Raymond 1997]
%The Cathedral & the Bazaar, Eric S. Raymond en 1997; O'Reilly, 2001.

%[Robert Martin 2009] 
%Design Principles and Design Patterns, Robert C. Martin (“Uncle Bob”), objectmentor.com. Last verified 2009-01-14.

%[Ronald E. Giachetti 2010]
%Design of Enterprise Systems: Theory, Architecture, and Methods. Ronald E. Giachetti. Taylor & Francis Group, 2010.

%[Rozanski & Woods 2012]
%Software systems architecture : working with stakeholders using viewpoints and perspectives. Nick Rozanski, Eoin Woods. Addison-Wesley, Pearson Education Inc., 2012.

%[Russell Ackoff 1981]
%Creating the Corporate Future: plan or be planned for. John Wiley & Sons: New York. 1981.
%Planificación de la empresa del futuro. Russell Ackoff. México: Editorial Limusa, 1995.

%[Sarabia 1995]
%La Teoría General de Sistemas. A. A. Sarabia, 1995.

%[SBOK 2013]
%Una guía para el conocimiento de Scrum (Guía SBOK) - 2013 Edición. Título original: A Guide to the SCRUM BODY OF KNOWLEDGE (SBOK™GUIDE) 2013 Edition. SCRUMstudy, una marca de VMEdu, Inc. 

%[SCEA 2010]
%Sun Certified Enterprise Architect for Java EE Study Guide. Second Edition. Mark Cade and Humphrey Sheil. Prentice Hall. 2010.

%[Scott 2008 ]
%Behavior-Driven Development. Scott Bellware (June 2008). Code Magazine. Retrieved 12 August 2012.

%[SEBoK 2014]
%SEBoK v. 1.3 released 30 May 2014. Disponible en URL: http://sebokwiki.org

%[SEI 2003]
%De acuerdo al Software Engineering Institute (SEI); L. Bass, P. Clements, R. Kazman, Software Architecture in Practice, 2nd Edition, Addison Wesley, 2003.

%[Shaw & Garlan 1996]
%Software Architecture: Perspectives on an emerging discipline. Mary Shaw y David Garlan. Upper Saddle River, Prentice Hall, 1996.

%[SLI 2009]
%Leadership and Systems in The Search for Leadership: An Organisational Perspective, Triarchy Press, Triarchy Press, May 2009. Systemic leadership institute (systemicleadershipinstitute.org). Basic principles of systems thinking as applied to management and leadership, disponible en URL: http://www.systemicleadershipinstitute.org/systemic-leadership/theories/basic-principles-of-systems-thinking-as-applied-to-management-and-leadership-2

%[SOLID 2009]
%SOLID Object-Oriented Design, Sandi Metz (Duke University), Talk given at the 2009 Gotham Ruby Conference in May, 2009. Last verified 2009-01-15.

%[Stafford Beer, 1977]
%Designing Freedom, Stafford Beer, 1977, CBC Learning Systems, Toronto, 1974; and John Wiley, London and New York, 1975.

%[Stefanini 2013] 
%Scrum of Scrums: Running Agile on Large Projects. Leandro Faria Stefanini, Scrum Alliance, 5 June 2013. URL: https://www.scrumalliance.org/community/articles/2013/june/scrum-of-scrums-running-agile-on-large-projects

%[Stephen Burd 2011]
%Systems Architecture, Sixth Edition. Stephen D. Burd. University of New Mexico, 2011.

%[Stephen Hawking 2010]
%The Grand Design. Stephen Hawking, Leonard Mlodinow, 2010.

%[SWEBOK 2014]
%Guide to the Software Engineering Body of Knowledge Version 3.0, SWEBOK. A Project of the IEEE Computer Society. Editors Pierre Bourque, École de technologie supérieure (ÉTS) Richard E. (Dick) Fairley, Software and Systems Engineering Associates (S2EA). IEEE, 2014. Paperback ISBN-10: 0-7695-5166-1. Paperback ISBN-13: 978-0-7695-5166-1.

%[UBA 2015]
%UBA. Facultad de Arquitectura Diseño y Urbanismo. Ciudad Universitaria – Ciudad Autónoma de Buenos Aires. Programa de estudio.

%[UIT 2014]
%Base de Datos de los Indicadores Mundiales de las Telecomunicaciones/TIC de la UIT. The World in 2014: ICT Facts and Figures. Printed in Switzerland. Geneva, April 2014. International Telecommunication Union. Datos y cifras relativos a las TIC en un informe realizado por la División de datos y estadísticas de TIC de la Oficina de Desarrollo de las Telecomunicaciones de la UIT. Disponible en URL: http://www.itu.int/en/ITU-D/Statistics/Pages/facts/default.aspx

%[UNTREF 2014]
%Construcción de software: una mirada ágil. Nicolás Paez, Diego Fontdevila, Pablo Suárez, Carlos Fontela, Marcio Degiovannini, Alejandro Molina. Universidad Nacional de Tres de Febrero (UNTREF), 2014.

%[US 2015]
%Filosofía Lean aplicada a la Ingeniería del Software. Miguel Ángel Moreno Martín. Universidad de Sevilla. 2015.

%[Velthuis y Parra 2007]
%Fábricas de software: experiencias, tecnologías y organización. Mario Piattini Velthuis y Javier Garzás Parra. Alfaomega Ra-Ma, 2007.

%[Vilana Arto 2011]
%Fundamentos del Lean Manufacturing. Nota Técnica 3.01. Escuela de Organización Industrial, Dirección de Operaciones. Executive MBA. Profesor José Ramón Vilana Arto, 2011.

%[Wiki 2015]
%Wikipedia, 2015. Disponible en URL: http://es.wikipedia.org/

%[Wirf-Brock & McKean 2003]
%Object Design: Roles, Responsibilities, and Collaborations. Rebecca Wirf-Brock, Alan McKean. Forewords by Ivan Jacobson and Jhon Vlissides. Addison-Wesley, 2009. Pearson Education Inc., 2003. ISBN: 0-201-37943-0.



@article{<key>,
% Required
	author	= {},
	title		= {},
	journal	= {},
	year		= {},
% Optional
	volume	= {},
	number	= {},
	pages	= {},
	month	= {},
	note		= {}
}

@book{<key>,
% Required
	author	= {},
% or editor	= {},
	title		= {},
	publisher	= {},
	year		= {},
% Optional
	volume	= {},
% or number	= {},
	series	= {},
	address	= {},
	edition	= {},
	month	= {},
	note		= {}
}
